<?xml version="1.0" encoding="UTF-8"?><collection xmlns="http://www.loc.gov/MARC21/slim"><record><leader>00515nam--2200181-u-4500</leader><controlfield tag="001">000056708</controlfield><controlfield tag="002">20161230</controlfield><controlfield tag="005">20170127235928</controlfield><controlfield tag="008">160414s1000------------r-----000-0-fre-d</controlfield><datafield ind1=" " ind2=" " tag="040"><subfield code="a">IFIN-HH</subfield></datafield><datafield ind1=" " ind2=" " tag="080"><subfield code="a">530.1</subfield></datafield><datafield ind1="1" ind2=" " tag="100"><subfield code="a">Guinier, Georges</subfield></datafield><datafield ind1="1" ind2="0" tag="245"><subfield code="a">Elements de Physique Moderne Theorique. Vol, II Structure de l'atome et du noyau</subfield><subfield code="c">Georges Guinier</subfield></datafield><datafield ind1=" " ind2=" " tag="260"><subfield code="a">Paris</subfield><subfield code="b">Bordas</subfield><subfield code="c">1950</subfield></datafield><datafield ind1=" " ind2=" " tag="300"><subfield code="a">161-309 p</subfield></datafield><datafield ind1=" " ind2=" " tag="490"><subfield code="a">Bibliotheque de la science moderne</subfield></datafield><datafield ind1=" " ind2=" " tag="852"><subfield code="a">12594</subfield></datafield><datafield ind1=" " ind2=" " tag="CAT"><subfield code="a">SYS</subfield><subfield code="c">20170127</subfield><subfield code="h">235928</subfield></datafield></record></collection>